<?xml version="1.0" encoding="UTF-8"?><collection xmlns="http://www.loc.gov/MARC21/slim"><record><leader>00518nam--2200133-i-4500</leader><controlfield tag="001">000013042</controlfield><controlfield tag="002">20161230</controlfield><controlfield tag="005">20161230201030</controlfield><controlfield tag="008">060222s1000------------r-----000-0-eng-d</controlfield><datafield ind1=" " ind2=" " tag="245"><subfield code="a">Benchmark papers in physical chemistry and chemical physics. vol.1:transuranium elements products of modern alchemy</subfield></datafield><datafield ind1=" " ind2=" " tag="260"><subfield code="a">Stroudsburg, Dowden, Hutchinson &amp; Ross, Inc., 1978</subfield></datafield><datafield ind1=" " ind2=" " tag="490"><subfield code="a">Benchmark Papers In Physical Chemistry And Che Mical Physics.Series Editors:Kaufman, J.Joyce And K</subfield></datafield><datafield ind1=" " ind2=" " tag="700"><subfield code="a">Seaborg, T.Glenn</subfield></datafield><datafield ind1=" " ind2=" " tag="852"><subfield code="a">46268</subfield></datafield></record></collection>